@bachelorsthesis{FITBT20846,
    author = "Ji\v{r}\'{i} Mat\v{e}jka",
    type = "Bachelor's thesis",
    title = "Roz\v{s}\'{i}\v{r}en\'{i} syst\'{e}mu pro z\'{i}sk\'{a}v\'{a}n\'{i}, zpracov\'{a}n\'{i} a anal\'{y}zu rozs\'{a}hl\'{y}ch kolekc\'{i} text\r{u} z webu",
    howpublished = "online",
    cited = "2021-04-13",
    school = "Vysoké učení technické v Brně, Fakulta informačních technologií",
    year = 2018,
    location = "Brno, CZ",
    language = "czech",
    url = "https://www.fit.vut.cz/study/thesis/20846/"
}

@TechReport{devlin2019bert,
      title={BERT: Pre-training of Deep Bidirectional Transformers for Language Understanding}, 
      author={Jacob Devlin and Ming-Wei Chang and Kenton Lee and Kristina Toutanova},
      year={2018},
      month={Říjen},
      day={11},
      revised={revidováno 24.5.2021},
      edition={2},
      organization={Google AI},
      
}

@Article{krcmar_2006,
    title={Vše podstatné o RSS},
    url={https://www.root.cz/clanky/vse-podstatne-o-rss/},
    journal={Root.cz},
    publisher={Internet Info, s.r.o.},
    author={Krčmář, Petr},
    year={2006},
    cited={2021-04-11},
    month={Září},
    edition={1},
    number={1},
    howpublished={online},
}

@Article{cimprich_2006,
    title={Atom 1.0: formát},
    url={https://www.root.cz/clanky/atom-1-0-format/},
    journal={Root.cz},
    publisher={Internet Info, s.r.o.},
    author={Cimprich, Petr},
    howpublished={online},
    cited={2021-04-11},
    year={2006},
    month={Leden},
    edition={1},
    number={1},
}

@Manual{harris_seaborne_2013,
    title={SPARQL 1.1 Query Language},
    author={W3C},
    contributor={Steve Harris,Andy Seaborne},
    url={https://www.w3.org/TR/sparql11-query/},
    year={2013},
    month={Březen},
    day={21},
    howpublished={online},
    cited={2021-04-15},
    organization={W3C}
    
}

@PhdThesis{Pomikalek2011thesis,
    AUTHOR = "POMIKÁLEK, Jan",
    TITLE = "Removing Boilerplate and Duplicate Content from Web Corpora",
    YEAR = "2011",
    TYPE = "Disertační práce",
    LOCATION = "Brno, CZ",
    SCHOOL = "Masarykova univerzita, Fakulta informatiky, Brno",
    SUPERVISOR = "Karel Pala",
    URL = "https://is.muni.cz/th/o6om2/",
    howpublished = "online",
    cited = "2021-04-17",
}

@MastersThesis{Suss2019thesis,
	AUTHOR = "SÜSS, Martin",
	TITLE = "Rozpoznání pojmenovaných entit v textu",
	YEAR = "2019",
	TYPE = "Diplomová práca", 
	SCHOOL = "Mendelova univerzita v Brně, Faculty of Business and Economics",
	SUPERVISOR = "doc. Ing. František Dařena, Ph.D.", 
	URL = "https://theses.cz/id/rkb3wp/",
	LOCATION = "Brno, CZ",
	howpublished = "online",
    cited = "2021-04-25",
}

@mastersthesis{FSIMT101611,
    author = "Winter, Luca",
    type = "Master's thesis",
    title = "Algoritmy pro rozpoznávání pojmenovaných entit",
    school = "Brno University of Technology, Faculty of Information Technology",
    howpublished = "online",
    year = 2017,
    cited = "2021-04-31",
    location = "Brno, CZ",
    language = "czech",
    url = "http://hdl.handle.net/11012/67989"
}

@TechReport{chockalingam2018,
    author = {Chockalingam, Nachiappan},
    year = {2018},
    month = {Leden},
    pages = {},
    title = {Simple and Effective Feature Based Sentiment Analysis on Product Reviews using Domain Specific Sentiment Scores},
    journal = {Polibits},
    cited = {2021-05-1},
    doi = {10.17562/PB-OF-6K39}
}

@Article{goel_2020,
    title={Implementing Aspect Based Sentiment Analysis using Python},
    url={https://medium.com/analytics-vidhya/aspect-based-sentiment-analysis-a-practical-approach-8f51029bbc4a},
    journal={Medium},
    publisher={Analytics Vidhya},
    author={Goel, Rohan},
    year={2020},
    month={Prosinec},
    edition={1},
    number={1},
    cited={2021-04-30},
    howpublished={online}
}

@mastersthesis{FITMT22451,
    author = "Andrej Klocok",
    type = "Master's thesis",
    title = "Anal\'{y}za recenz\'{i} v\'{y}robk\r{u}",
    school = "Vysoké učení technické v Brně, Fakulta informačních technologií",
    year = 2020,
    location = "Brno, CZ",
    language = "slovak",
    url = "https://www.fit.vut.cz/study/thesis/22451/",
    howpublished = {online},
    cited = {2021-04-11},
}

@BachelorsThesis{FITBT22452,
    author = "Daniel B\'{i}l\'{y}",
    type = "Bakal\'{a}\v{r}sk\'{a} pr\'{a}ce",
    title = "Rozpozn\'{a}v\'{a}n\'{i} postoj\r{u} z filmov\'{y}ch recenz\'{i}",
    school = "Vysok\'{e} u\v{c}en\'{i} technick\'{e} v Brn\v{e}, Fakulta informa\v{c}n\'{i}ch technologi\'{i}",
    year = 2020,
    location = "Brno, CZ",
    language = "czech",
    url = "https://www.fit.vut.cz/study/thesis/22452/",
    howpublished = {online},
    cited = {2021-04-11},
}

@Article{valkov_2020,
    title={Sentiment Analysis with BERT and Transformers by Hugging Face using PyTorch and Python},
    url={https://curiousily.com/posts/sentiment-analysis-with-bert-and-hugging-face-using-pytorch-and-python/},
    journal={Curiousily},
    author={Valkov, Venelin},
    year={2020},
    month={Duben},
    edition={1},
    number={1},
    howpublished={online},
    cited={2021-04-23}
}

@Article{horev_2018,
    title={BERT Explained: State of the art language model for NLP},
    url={https://towardsdatascience.com/bert-explained-state-of-the-art-language-model-for-nlp-f8b21a9b6270},
    journal={Medium},
    publisher={Towards Data Science},
    author={Horev, Rani},
    year={2018},
    month={Listopad},
    edition={1},
    number={1},
    howpublished = {online},
    cited = {2021-04-22},
}

@Article{ghati_2020,
    title={Comparison between BERT, GPT-2 and ELMo},
    url={https://medium.com/@gauravghati/comparison-between-bert-gpt-2-and-elmo-9ad140cd1cda},
    journal={Medium},
    publisher={Medium},
    author={Ghati, Gaurav},
    year={2020},
    month={May},
    edition={1},
    number={1},
    howpublished = {online},
    cited = {2021-04-22},
}

@TechReport{vaswani2017attention,
      title={Attention Is All You Need}, 
      author={Ashish Vaswani and Noam Shazeer and Niki Parmar and Jakob Uszkoreit and Llion Jones and Aidan N. Gomez and Lukasz Kaiser and Illia Polosukhin},
      year={2017},
      month={Červen},
      edition={5},
      adress={Long Beach, CA, USA},
      organization={Google Brain},
      revised={revidováno 6.12.2017}
}

@article{radford2019language,
  title={Language models are unsupervised multitask learners},
  author={Radford, Alec and Wu, Jeffrey and Child, Rewon and Luan, David and Amodei, Dario and Sutskever, Ilya},
  journal={OpenAI blog},
  volume={1},
  number={8},
  pages={9},
  year={2019},
  edition={1},
  version={1.0},
  address={San Francisco, California, United States},
  
}

@TechReport{peters2018deep,
      title={Deep contextualized word representations}, 
      author={Matthew E. Peters and Mark Neumann and Mohit Iyyer and Matt Gardner and Christopher Clark and Kenton Lee and Luke Zettlemoyer},
      year={2018},
      month={Únor},
      revised={revidováno 22.3.2018},
      edition={2},
      adress={Washington},
      organization={Allen Institute for Artificial Intelligence,Paul G. Allen School of Computer Science \& Engineering, University of Washington},
      

}

@bachelorsthesis{FITBT20346,
    author = "Jan Pavl\r{u}",
    type = "Bachelor's thesis",
    title = "Anal\'{y}za obsahu soci\'{a}ln\'{i}ch s\'{i}t\'{i} t\'{y}kaj\'{i}c\'{i} se \v{c}esk\'{y}ch mobiln\'{i}ch oper\'{a}tor\r{u}",
    school = "Brno University of Technology, Faculty of Information Technology",
    howpublished = "online",
    cited = "2021-04-30",
    year = 2018,
    location = "Brno, CZ",
    language = "czech",
    url = "https://www.fit.vut.cz/study/thesis/20346/"
}

@TechReport{wang2015deep,
  title={Deep learning for aspect-based sentiment analysis},
  author={Wang, Bo and Liu, Min},
  adress={Stanford, CA 94305},
  organization={Stanford University},
  journal={Stanford University report},
  year={2015},
}

@TechReport{mukherjee2012feture,
    author= {Subhabrata Mukherjee, Pushpak Bhattacharyya},
    title = {Feature Specific Sentiment Analysis for Product Reviews},
    edition = 1,
    address = "Bombay",
    organization = {Dept. of Computer Science and Engineering, IIT},
    year = {2012}
}

@book{hajic2004disambiguation,
  title={Disambiguation of Rich Inflection: Computational Morphology of Czech},
  author={Haji{\v{c}}, J.},
  isbn={9788024602820},
  lccn={2016422783},
  url={https://books.google.cz/books?id=sB63AAAACAAJ},
  year={2004},
  publisher={Karolinum},
  edition={1}
}

@inproceedings{Glotzbach2007RSSAA,
  title={RSS as a course information delivery method},
  author={R. Glotzbach and J. Mohler and Jaime E. Radwan},
  booktitle={SIGGRAPH '07},
  organization={Association for Computing Machinery},
  year={2007},
  month={Srpen},
  isbn={9781450318303},
  address={San Diego, California},
  publisher={ACM Press},
  pages={16},
  
}

@article{sayre2005atom,
  title={Atom: The standard in syndication},
  author={Sayre, Robert},
  journal={IEEE Internet computing},
  volume={9},
  number={4},
  pages={71--78},
  year={2005},
  month={7},
  publisher={IEEE},
  edition={4},
  issn={1089-7801, 1941-0131}
}

@article{vrandevcic2014wikidata,
  title={Wikidata: a free collaborative knowledgebase},
  author={Vrande{\v{c}}i{\'c}, Denny and Kr{\"o}tzsch, Markus},
  journal={Communications of the ACM},
  volume={57},
  pages={78--85},
  year={2014},
  month={9},
  publisher={ACM New York, NY, USA},
  edition={10},
  issn={0001-0782, 1557-7317},
  number={1},
}


@article{cyganiak2005relational,
  title={A relational algebra for SPARQL},
  author={Cyganiak, Richard},
  journal={Digital Media Systems Laboratory HP Laboratories Bristol. HPL-2005-170},
  volume={35},
  pages={9},
  year={2005},
  edition={1},
  number={1}
}

@article{perez2009semantics,
  title={Semantics and complexity of SPARQL},
  author={P{\'e}rez, Jorge and Arenas, Marcelo and Gutierrez, Claudio},
  journal={ACM Transactions on Database Systems (TODS)},
  volume={34},
  pages={1--45},
  year={2009},
  month={8},
  publisher={ACM New York, NY, USA},
  edition={3},
  number={1},
  issn={0362-5915, 1557-4644}
}

@article{lassila1998resource,
  title={Resource description framework (RDF) model and syntax specification},
  author={Lassila, Ora and Swick, Ralph R and others},
  year={1998},
  journal={},
  publisher={Citeseer},
  edition={1},
  number={1}
}

@inproceedings{kohlschutter2010boilerplate,
  title={Boilerplate detection using shallow text features},
  author={Kohlsch{\"u}tter, Christian and Fankhauser, Peter and Nejdl, Wolfgang},
  booktitle={Proceedings of the third ACM international conference on Web search and data mining},
  pages={441--450},
  year={2010},
  organization={Leibniz Universität Hannover},
  isbn={9781605588896},
  address={New York, New York, USA},
  publisher={ACM Press}
}


@article{robinson2004ongoing,
  title={The Ongoing search for efficient web search algorithms},
  author={Robinson, Sara},
  journal={SIAM News},
  volume={37},
  number={9},
  pages={4},
  year={2004},
  edition={1}
}

@article{gordon1999finding,
  title={Finding information on the World Wide Web: the retrieval effectiveness of search engines},
  author={Gordon, Michael and Pathak, Praveen},
  journal={Information processing \& management},
  volume={35},
  edition={2},
  pages={141--180},
  year={1999},
  month={3},
  publisher={Elsevier},
  issn={03064573},
  number={1},
}

@article{mansouri2008named,
  title={Named entity recognition approaches},
  author={Mansouri, Alireza and Affendey, Lilly Suriani and Mamat, Ali},
  journal={International Journal of Computer Science and Network Security},
  volume={8},
  number={2},
  pages={339--344},
  year={2008},
  publisher={Citeseer},
  edition={1}
}

@book{cambria2017practical,
  title={A practical guide to sentiment analysis},
  author={Cambria, Erik and Das, Dipankar and Bandyopadhyay, Sivaji and Feraco, Antonio},
  year={2017},
  publisher={Springer},
  isbn={9783319553924},
  edition={1},
  address={New York, NY}
  
  
}


@article{godbole2007large,
  title={Large-Scale Sentiment Analysis for News and Blogs.},
  author={Godbole, Namrata and Srinivasaiah, Manja and Skiena, Steven},
  journal={Icwsm},
  volume={7},
  number={21},
  pages={219--222},
  year={2007},
  edition={1},
  address={New York NY, USA}
}

@inproceedings{rasolofo2003term,
  title={Term proximity scoring for keyword-based retrieval systems},
  author={Rasolofo, Yves and Savoy, Jacques},
  booktitle={European Conference on Information Retrieval},
  pages={207--218},
  year={2003},
  organization={Springer},
  isbn={3540012745},
  
}

@article{bast2016semantic,
  title={Semantic search on text and knowledge bases},
  author={Bast, Hannah and Bj{\"o}rn, Buchhold and Haussmann, Elmar},
  journal={Foundations and Trends in Information Retrieval},
  volume={10},
  number={2-3},
  pages={119--271},
  year={2016},
  publisher={Now Publishers Inc. Hanover, MA, USA},
  edition={1},
  issn={1554-0669, 1554-0677}
}
@Webpage{goel_2018,
    title={Applying Machine Learning to classify an unsupervised text document},
    url={https://towardsdatascience.com/applying-machine-learning-to-classify-an-unsupervised-text-document-e7bb6265f52},
    journal={Medium},
    publisher={Towards Data Science},
    author={Goel, Vishabh},
    year={2018},
    month={11},
    cited={2021-05-06},
    howpublished={online},
}

@mastersthesis{FITMT22145,
    author = "Dita Cihl\'{a}\v{r}ov\'{a}",
    type = "Master's thesis",
    title = "Zpracov\'{a}n\'{i} u\v{z}ivatelsk\'{y}ch recenz\'{i}",
    school = "Brno University of Technology, Faculty of Information Technology",
    year = 2019,
    location = "Brno, CZ",
    language = "czech",
    url = "https://www.fit.vut.cz/study/thesis/22145/",
    howpublished = {online},
    cited = {2021-04-28},
}
@Webpage{brownlee_2020,
    title={Difference Between Algorithm and Model in Machine Learning},
    url={https://machinelearningmastery.com/difference-between-algorithm-and-model-in-machine-learning/},
    journal={Machine Learning Mastery},
    author={Brownlee, Jason},
    year={2020},
    month={8},
    howpublished={online},
    cited = {2021-05-1},
}

@article{laender2002brief,
  title={A brief survey of web data extraction tools},
  author={Laender, Alberto HF and Ribeiro-Neto, Berthier A and Da Silva, Altigran S and Teixeira, Juliana S},
  journal={ACM Sigmod Record},
  volume={31},
  number={2},
  pages={84--93},
  year={2002},
  month={6},
  publisher={ACM New York, NY, USA},
  edition={1},
  issn={0163-5808}
}

@article{taboada2011lexicon,
  title={Lexicon-based methods for sentiment analysis},
  author={Taboada, Maite and Brooke, Julian and Tofiloski, Milan and Voll, Kimberly and Stede, Manfred},
  journal={Computational linguistics},
  volume={37},
  number={2},
  edition={1},
  pages={267--307},
  year={2011},
  publisher={MIT Press},
  month={6},
  issn={0891-2017, 1530-9312}
}